<?xml version="1.0" encoding="UTF-8"?><collection><record><leader>06507ntm a2200589 a 4500</leader><controlfield tag="001">100072011</controlfield><controlfield tag="003">MiAaHDL</controlfield><controlfield tag="005">20190719000000.0</controlfield><controlfield tag="006">m        d        </controlfield><controlfield tag="007">cr bn ---auaua</controlfield><controlfield tag="008">090601s1895    xx            000 0 ara  </controlfield><datafield tag="035" ind1=" " ind2=" "><subfield code="a">(MiU)006815318</subfield></datafield><datafield tag="035" ind1=" " ind2=" "><subfield code="a">sdr-miu006815318</subfield></datafield><datafield tag="040" ind1=" " ind2=" "><subfield code="a">MiU</subfield><subfield code="c">MiU</subfield><subfield code="e">amremm</subfield></datafield><datafield tag="043" ind1=" " ind2=" "><subfield code="a">n-us-mi</subfield></datafield><datafield tag="100" ind1="0" ind2=" "><subfield code="6">880-01</subfield><subfield code="a">Muḥammad ibn Sulayman ʻArafāt,</subfield><subfield code="d">fl. 1895.</subfield></datafield><datafield tag="240" ind1="1" ind2="0"><subfield code="6">880-02</subfield><subfield code="a">Sīrat Fāris al-ʻIrāq.</subfield><subfield code="n">juzʼ 25.</subfield></datafield><datafield tag="245" ind1="1" ind2="3"><subfield code="6">880-03</subfield><subfield code="a">al-Juzʼ al-khāmis wa-al-ʻashrūn min Sīrat Fāris al-ʻIrāq :</subfield><subfield code="b">man zalzala jamīʻ al-āfāq wa-shattat al-mulūk min al-ṭibāq, al-fāris al-mumāris wa-al-asad al-mutāris al-Malik Asad al-Fawāris,</subfield><subfield code="f">[1312, i.e. 1895].</subfield></datafield><datafield tag="260" ind1=" " ind2=" "><subfield code="c">[1895].</subfield></datafield><datafield tag="300" ind1=" " ind2=" "><subfield code="a">62 leaves :</subfield><subfield code="b">paper ;</subfield><subfield code="c">224 x 163 (190 x 110-115) mm.</subfield></datafield><datafield tag="500" ind1=" " ind2=" "><subfield code="a">Shelfmark: Ann Arbor, University of Michigan, Special Collections Library, Isl. Ms. 653 v.25</subfield></datafield><datafield tag="500" ind1=" " ind2=" "><subfield code="a">Origin: As appears in colophon on pp.112-113, authored by Muḥammad ibn al-Ḥājj Sulaymān ʻArafāt and Amīn ibn Muḥammad al-Sārī. All volumes presumably copied by Muḥammad ibn al-Ḥājj Sulaymān ʻArafāt with transcription of the set completed 20 Dhū al-Ḥijjah 1312 [ca. 14 June 1895].</subfield></datafield><datafield tag="500" ind1=" " ind2=" "><subfield code="a">Accompanying materials: For acquisitions slip and inventory cataloguing slip, see volume 1 of the set, Isl. Ms. v.1.</subfield></datafield><datafield tag="500" ind1=" " ind2=" "><subfield code="a">Former shelfmark: From verso of opening leaf (p.2), "IL 163" (likely supplied by Yahuda, see acquisitions slip in volume 1, Isl. Ms. 653 v.1).</subfield></datafield><datafield tag="500" ind1=" " ind2=" "><subfield code="a">Binding: Lacks cover ; numeral ٢٥ (indicating volume number) inscribed on outer leaves ; somewhat crudely sewn in beige yarn or twine, six and four stations ; overall in fair condition despite lacking cover, with much staining, some tears, etc.</subfield></datafield><datafield tag="500" ind1=" " ind2=" "><subfield code="a">Support: European laid paper with 9-10 laid lines per cm. (vertical), chain lines spaced 23-26 mm. apart (horizontal), and watermark of three crescents (78 mm. long, perpendicular to chains) above 'FERDINANDO BETTI' itself above word in Arabic script (see p.2, 62, 64, etc.).</subfield></datafield><datafield tag="500" ind1=" " ind2=" "><subfield code="a">Script: Ruqʻah ; virtually serifless with slight effect of tilt to the left and of words descending to baseline (occasionally more exaggerated), mainly closed counters, some elongation of horizontal strokes, point of final nūn often set deep within bowl, pointing (for two and three dots) varies from strokes or conjoined dots to distinct dots.</subfield></datafield><datafield tag="500" ind1=" " ind2=" "><subfield code="a">Layout: Written in 15 lines per page, occasionally divided to two columns to set off poetry.</subfield></datafield><datafield tag="500" ind1=" " ind2=" "><subfield code="a">Collation: 2 VIII(32), VII (46), VIII (62) ; three octonions and a septenion ; final five leaves left blank ; pagination in black ink, Hindu-Arabic numerals, center of the upper margin ; pagination in pencil, Western numerals, supplied during digitization (includes outermost leaves).</subfield></datafield><datafield tag="500" ind1=" " ind2=" "><subfield code="a">Colophon: "Authorial" and "Scribal," reads "حمدا لمن قص على افضل خلقه احسن القصص ... اما بعد فقد تم بعونه من نور النهار وجعل الليل دامس نسخ السيرة الجليلة المنيعة [؟] عما جري من اخبار الملك اسد الفوارس فهي سيرة جليلة واخبار بديعة غريبة ... وكان الملتزم لنسخها عبد ربه غافر الزلات محمد ابن الحاج سليمان عرفات وقد الفها عبيد ربهم الباري محمد سليمان عرفات وامين ابن محمد الساري وفاح مسك الختام ولاح بدر التمام في ٢٠ الحجة عام اثنى عشر والف وثلثمائة من هجرة النبي الاعظم صلى الله عليه وسلم وعظم وشرف وكرم ... امين"</subfield></datafield><datafield tag="500" ind1=" " ind2=" "><subfield code="a">Explicit: "فتولى الملك ابا الافهاد وعدل بين العباد الى ان اتاهم هادم اللذات ومفرق الجماعات فسبحان من لا يانام ولا يموت وهو الله الحي القيوم وصلى الله على سيدنا محمد النبي الامي وعلى اله وصحبه وسلم"</subfield></datafield><datafield tag="500" ind1=" " ind2=" "><subfield code="a">Incipit: "وصلى الله على سيدنا محمد النبي الامي وعلى اله وصحبه وسلم قال الراوي وقد وقع الشيخ ابراهيم ابن ابي الخيرات وهو يقول اشهد ان لا اله الا الله واشهد ان سيدنا ابراهيم خليل الله ..."</subfield></datafield><datafield tag="500" ind1=" " ind2=" "><subfield code="a">Title from 'title page' (p.3).</subfield></datafield><datafield tag="500" ind1=" " ind2=" "><subfield code="a">Ms. codex.</subfield></datafield><datafield tag="510" ind1="4" ind2=" "><subfield code="a">"Fāris." EI2,</subfield><subfield code="c">vol. II, p.800, col.1</subfield></datafield><datafield tag="510" ind1="4" ind2=" "><subfield code="a">Heath, P. " Sīra Shabiyya." EI2,</subfield><subfield code="c">vol. IX, p.664, col.1</subfield></datafield><datafield tag="520" ind1="8" ind2=" "><subfield code="a">Twenty-fifth of twenty-five volumes containing a collection of the epic tales of al-Malik Asad al-Fawāris ibn Jūdar [Jawdar], the fāris of ʻIrāq, in the manner of the Arabic heroic narrative (sīrah shaʻbīyah) apparently compiled in the present form by Muḥammad ibn Sulayman ʻArafāt (fl.1895) and Amīn ibn Muḥammad al-Sārī (fl.1895).</subfield></datafield><datafield tag="538" ind1=" " ind2=" "><subfield code="a">Mode of access: Internet.</subfield></datafield><datafield tag="541" ind1=" " ind2=" "><subfield code="a">Acquired in 1926 from the bookseller Isaac Benjamin S.E. Yahuda via purchase transacted on his behalf by his younger brother, the famous Orientalist and manuscript collector Abraham Shalom Yahuda (1877-1951).</subfield></datafield><datafield tag="546" ind1=" " ind2=" "><subfield code="a">Arabic.</subfield></datafield><datafield tag="561" ind1=" " ind2=" "><subfield code="a">Inscription in hasty and freely ligatured ruqʻah on verso of leaf carrying close of text (p.114) apparently dated 27 Shawwāl 1317 [ca. 28 February 1900] ; occasional marginal corrections.</subfield></datafield><datafield tag="650" ind1=" " ind2="0"><subfield code="a">Manuscripts, Arabic</subfield><subfield code="z">Michigan</subfield><subfield code="z">Ann Arbor.</subfield></datafield><datafield tag="650" ind1=" " ind2="0"><subfield code="a">Arabs</subfield><subfield code="v">Folklore.</subfield></datafield><datafield tag="650" ind1=" " ind2="0"><subfield code="a">Folk literature, Arabic.</subfield></datafield><datafield tag="700" ind1="0" ind2=" "><subfield code="6">880-05</subfield><subfield code="a">Muḥammad ibn Sulayman ʻArafāt,</subfield><subfield code="d">fl. 1895,</subfield><subfield code="e">scribe,</subfield><subfield code="e">former owner.</subfield></datafield><datafield tag="700" ind1="0" ind2=" "><subfield code="6">880-04</subfield><subfield code="a">Amīn ibn Muḥammad al-Sārī,</subfield><subfield code="d">fl. 1895.</subfield></datafield><datafield tag="773" ind1="0" ind2=" "><subfield code="a">Yahuda Collection.</subfield></datafield><datafield tag="880" ind1="0" ind2=" "><subfield code="6">700-05/</subfield><subfield code="a">محمد بن سليمان عرفات،</subfield><subfield code="e">ناسخ،</subfield><subfield code="e">مالك سابق.</subfield></datafield><datafield tag="880" ind1="0" ind2=" "><subfield code="6">700-04/</subfield><subfield code="a">امين بن محمد الساري.</subfield></datafield><datafield tag="880" ind1="1" ind2="2"><subfield code="6">245-03/</subfield><subfield code="a">الجزء الخامس والعشرون من سيرة فارس العراق :</subfield><subfield code="b">من زلزل جميع الافاق وشتت الملوك من الطباق, الفارس الممارس والاسد المتارس الملك اسد الفوارس,</subfield><subfield code="f">[1312ه، 1895م].</subfield></datafield><datafield tag="880" ind1="1" ind2="0"><subfield code="6">240-02/</subfield><subfield code="a">سيرة فارس العراق.</subfield><subfield code="n">جزء 25</subfield></datafield><datafield tag="880" ind1="0" ind2=" "><subfield code="6">100-01/</subfield><subfield code="a">محمد بن سليمان عرفات.</subfield></datafield><datafield tag="CID" ind1=" " ind2=" "><subfield code="a">100072011</subfield></datafield><datafield tag="DAT" ind1="0" ind2=" "><subfield code="a">20190719102639.0</subfield><subfield code="b">20190719000000.0</subfield></datafield><datafield tag="DAT" ind1="1" ind2=" "><subfield code="a">20190719090653.0</subfield><subfield code="b">2019-07-19T16:11:57Z</subfield></datafield><datafield tag="DAT" ind1="2" ind2=" "><subfield code="a">2015-10-10T18:00:06Z</subfield></datafield><datafield tag="CAT" ind1=" " ind2=" "><subfield code="a">SDR-MIU</subfield><subfield code="d">EX LIBRIS - ALEPH</subfield><subfield code="l">prepare.pl-004-008</subfield></datafield><datafield tag="FMT" ind1=" " ind2=" "><subfield code="a">BK</subfield></datafield><datafield tag="HOL" ind1=" " ind2=" "><subfield code="0">sdr-miu006815318</subfield><subfield code="a">MiU</subfield><subfield code="b">SDR</subfield><subfield code="c">MIU</subfield><subfield code="p">mdp.39015079129501</subfield><subfield code="s">MIU</subfield><subfield code="1">006815318</subfield></datafield><datafield tag="974" ind1=" " ind2=" "><subfield code="b">MIU</subfield><subfield code="c">MIU</subfield><subfield code="d">20190719</subfield><subfield code="s">lit-dlps-dc</subfield><subfield code="u">mdp.39015079129501</subfield><subfield code="y">1895</subfield><subfield code="r">pd</subfield><subfield code="q">exp</subfield></datafield></record></collection>